%%%%%%%%%%%%%%%%%%%%%%%%%%%%%%%%%%%%%%%%%%%%%%%%%%%%%%%%%%%%%%
%%%%%%%%%%%%%Referencias Introducción%%%%%%%%%%%%%%%%%%%%%%%%%
%%%%%%%%%%%%%%%%%%%%%%%%%%%%%%%%%%%%%%%%%%%%%%%%%%%%%%%%%%%%%%

@misc{Magento,
  title = {Magento Homepage},
  howpublished = {\url{http://www.magento.com}},
}

@misc{Wordpress,
  title = {Wordpress Homepage},
  howpublished = {\url{http://www.wordpress.com}},
}

@misc{Woocommerce,
  title = {Woocommerce Homepage},
  howpublished = {\url{http://www.woothemes.com/woocommerce}},
}

@misc{Prestashop,
  title = {Prestashop Homepage},
  howpublished = {\url{http://www.prestashop.com}},
}

@inproceedings{DefineGamefication,
 author = {Deterding, Sebastian and Dixon, Dan and Khaled, Rilla and Nacke, Lennart},
 title = {From Game Design Elements to Gamefulness: Defining "Gamification"},
 booktitle = {Proceedings of the 15th International Academic MindTrek Conference: Envisioning Future Media Environments},
 series = {MindTrek '11},
 year = {2011},
 isbn = {978-1-4503-0816-8},
 location = {Tampere, Finland},
 pages = {9--15},
 numpages = {7},
 url = {http://doi.acm.org/10.1145/2181037.2181040},
 doi = {10.1145/2181037.2181040},
 acmid = {2181040},
 publisher = {ACM},
 address = {New York, NY, USA},
 keywords = {alternate reality games, game-based technologies, gameful design, gamefulness, games, gamification, pervasive games, play, playful design, playfulness, serious games},
}

@inproceedings{BehaviorBadges,
 author = {Anderson, Ashton and Huttenlocher, Daniel and Kleinberg, Jon and Leskovec, Jure},
 title = {Steering User Behavior with Badges},
 booktitle = {Proceedings of the 22Nd International Conference on World Wide Web},
 series = {WWW '13},
 year = {2013},
 isbn = {978-1-4503-2035-1},
 location = {Rio de Janeiro, Brazil},
 pages = {95--106},
 numpages = {12},
 url = {http://dl.acm.org/citation.cfm?id=2488388.2488398},
 acmid = {2488398},
 publisher = {International World Wide Web Conferences Steering Committee},
 address = {Republic and Canton of Geneva, Switzerland},
 keywords = {badge placement problem, badges, steering},
} 

@inproceedings{SocialMotivation,
  title={Social Motivations To Use Gamification: An Empirical Study Of Gamifying Exercise.},
  author={Hamari, Juho and Koivisto, Jonna},
  booktitle={ECIS},
  pages={105},
  year={2013}
}

@article{OnlineComp,
  title={Gamification of online idea competitions: Insights from an explorative case},
  author={Witt, Maximilian and Scheiner, Christian and Robra-Bissantz, Susanne},
  journal={Informatik schafft Communities},
  pages={192},
  year={2011}
}

@article{CmsPerformance,
  title={Performance analysis of content management systems-joomla, drupal and wordpress},
  author={Patel, Savan K and Rathod, VR and Prajapati, Jigna B},
  journal={International Journal of Computer Applications},
  volume={21},
  number={4},
  pages={39--43},
  year={2011},
  publisher={International Journal of Computer Applications, 244 5 th Avenue,\# 1526, New York, NY 10001, USA India}
}

@INPROCEEDINGS{GamWorks, 
author={Hamari, J. and Koivisto, J. and Sarsa, H.}, 
booktitle={System Sciences (HICSS), 2014 47th Hawaii International Conference on}, 
title={Does Gamification Work? -- A Literature Review of Empirical Studies on Gamification}, 
year={2014}, 
month={Jan}, 
pages={3025-3034}, 
keywords={behavioural sciences;game theory;dependent variables;empirical studies;gamification work;gamified systems;independent variables;literature review;psychological-behavioral outcomes;Context;Databases;Educational institutions;Games;Libraries;Psychology;HCI;gamification;motivation;motivational affordance;persuasive technology}, 
doi={10.1109/HICSS.2014.377},}


%%%%%%%%%%%%%%%%%%%%%%%%%%%%%%%%%%%%%%%%%%%%%%%%%%%%%%%%%%%%%%
&&&%%%%%%%%%%Referencias Gamification&%%%%%%%%%%%%%%%%%%%%%
%%%%%%%%%%%%%%%%%%%%%%%%%%%%%%%%%%%%%%%%%%%%%%%%%%%%%%%%%%%%%%



@ONLINE{Gam:Bunchball:1,
author = {Carless, Simon},
title = {AGDC: Paharia, Andrade On Making Dunder Mifflin Infinity},
month = sep,
year = {2008},
url = {http://www.gamasutra.com/php-bin/news_index.php?story=2}
}

@ONLINE{Gam:Bunchball:2,
title = {Bunchball Sees Huge Growth in Gamification and Doubles Customer Base in a Year},
url = {http://www.bunchball.com/news/bunchball-sees-huge-growth-gamification-and-doubles-customer-base-year}
}


@ONLINE{Gam:Companies:1,
author = {Silverman, Rachel},
title = {Latest Game Theory: Mixing Work and Play — Companies Adopt gaming Techniques to Motivate Employees},
month = nov,
year = {2011},
url = {http://www.wsj.com/news/articles/SB10001424052970204294504576615371783795248?mg=reno64-wsj&url=http%3A%2F%2Fonline.wsj.com%2Farticle%2FSB10001424052970204294504576615371783795248.html}
}

@ONLINE{Gam:Events:1,
author = {Beitz, Mike},
title = {UW Stratford campus to host international gamification conference', by Mike Betz},
month = jul,
year = {2013},
url = {http://www.stratfordbeaconherald.com/2013/07/12/uw-stratford-campus-to-host-international-gamification-conference}
}

@ONLINE{Gam:Events:2,
title = {Games, Loyalty},
url = {http://theloyaltygames.com/}
}

@ONLINE{Gam:Util:1,
author = {Van Grove, Jennifer},
title = {Gamification: How Competition Is Reinventing Business, Marketing and Everyday Life},
month = feb,
year = {2013},
url = {http://mashable.com/2011/07/28/gamification/}
}

@ONLINE{Gam:Util:2,
author = {Cho, Yu-kai},
title = {Top 10 Marketing Gamification Cases You Won’t Forget},
month = aug,
year = {2013},
url = {http://www.yukaichou.com/gamification-examples/top-10-marketing-gamification-cases-remember/#.VJJU9s2Uf0o}
}

@ONLINE{Gam:Util:3,
author = {Stanley, Robert},
title = {Top 25 Best Examples of Gamification in Business},
month = mar,
year = {2014},
url = {http://blogs.clicksoftware.com/clickipedia/top-25-best-examples-of-gamification-in-business/}
}

@ONLINE{Gam:Util:4,
author = {Corbett, Sara},
title = {Learning by Playing: Video Games in the Classroom},
month = sep,
year = {2010},
url = {http://www.nytimes.com/2010/09/19/magazine/19video-t.html?pagewanted=all&_r=0}
}

@ONLINE{Gam:Util:5,                                                                  
author = {Cho, Yu-kai},                                                              
title = {Gamification in Education: Top 10 Gamification Case Studies that will Change our Future},      
month = apr,                                                                        
year = {2013},                                                                       
url = {http://www.yukaichou.com/gamification-examples/top-10-education-gamification-examples/#.VJMUz-AEAB}
}

@unpublished{Gam:Crit:1,
title= {Pawned. Gamification and Its Discontents},
author = {Deterding, Sebastian},
year = {2010},
note= {Playful 2010, Conway Hall, Londres},
URL= {http://www.slideshare.net/dings/pawned-gamification-and-its-discontents},
}

@ONLINE{Gam:Crit:2,
author = {Robertson, Margaret},
title = {Can’t play, won’t play},
month = oct,
year = {2010},
url = {http://www.hideandseek.net/2010/10/06/cant-play-wont-play//}
}

@book{Gam:Crit:3,
author={Pettey, C. and van der Meulen, R.},
title={Gartner Says by 2014, 80 Percent of Current Gamified Applications Will Fail to Meet Business Objectives Primarily Due to Poor Design},
url={http://www.gartner.com/newsroom/id/2251015},
year={2012}
}

@ONLINE{Def:1,
author = {GS Brown},
title = {"The Electronic Mall"},
month = apr,
year = {2010},
url = {http://www.gsbrown.org/compuserve/electronic-mall-1984-04/}
}





